<collection xmlns="http://www.loc.gov/MARC21/slim">
<record>
  <leader>01373nam0a22001931i 450 </leader>
  <controlfield tag="001">IT\ICCU\CNCE\043234</controlfield>
  <controlfield tag="005">20100323000000.0</controlfield>
  <datafield tag="100" ind1=" " ind2=" ">
    <subfield code="a">19981226d1587        0itac0103    ba</subfield>
  </datafield>
  <datafield tag="101" ind1=" " ind2=" ">
    <subfield code="a">ITA</subfield>
  </datafield>
  <datafield tag="102" ind1=" " ind2=" ">
    <subfield code="a">IT</subfield>
  </datafield>
  <datafield tag="200" ind1="1" ind2=" ">
    <subfield code="a">Prorogatione et nuoua concessione dell&apos;indulgenza plenissima in forma di giubileo concessa dalla santit ̉di n.s. Sisto papa V. A tutti li fedeli christiani, che confessati, &amp; communicati domenica prossima alli otto del presente mese di nouembre interuerranno all&apos;oratione delle quaranta hore, che si far ̉nella cappella di San Pietro &amp; San Paolo, nella basilica del principe degli apostoli in Roma, &amp; iui ... pregheranno Dio per l&apos;essaltatione della Santa Romana Chiesa per l&apos;estirpatione dell&apos;heresie, &amp; per la felice vittoria del christianissimo re di Francia contro gli heretici. Et ancora per le monache, per gl&apos;incarcerati, &amp; per quelli che legitimamente impediti non possono visitare detta capella, con facolt ̉di potersi eleggere un confessore</subfield>
  </datafield>
  <datafield tag="210" ind1=" " ind2=" ">
    <subfield code="a">In Roma</subfield>
    <subfield code="c">per gli heredi d&apos;Antonio Blado stampatori camerali</subfield>
    <subfield code="d">1587</subfield>
  </datafield>
  <datafield tag="215" ind1=" " ind2=" ">
    <subfield code="a">1 foglio</subfield>
  </datafield>
  <datafield tag="620" ind1=" " ind2=" ">
    <subfield code="a">IT</subfield>
    <subfield code="d">Roma</subfield>
  </datafield>
  <datafield tag="700" ind1=" " ind2="0">
    <subfield code="a">Sixtus</subfield>
    <subfield code="c"> &lt;papa</subfield>
    <subfield code="c"> ; 5.&gt;</subfield>
    <subfield code="3">IT\ICCU\CNCA\007469</subfield>
  </datafield>
  <datafield tag="712" ind1="0" ind2="0">
    <subfield code="a">Blado, Antonio - eredi</subfield>
    <subfield code="3">IT\ICCU\CNCT\000148</subfield>
    <subfield code="4">650</subfield>
  </datafield>
  <datafield tag="790" ind1=" " ind2="1">
    <subfield code="a">Peretti,</subfield>
    <subfield code="b">Felice</subfield>
    <subfield code="3">IT\ICCU\CNCA\014759</subfield>
    <subfield code="z">Sixtus &lt;papa ; 5.&gt;</subfield>
  </datafield>
  <datafield tag="801" ind1=" " ind2="3">
    <subfield code="a">IT</subfield>
    <subfield code="b">ICCU</subfield>
    <subfield code="c">20201114</subfield>
  </datafield>
  <datafield tag="899" ind1=" " ind2=" ">
    <subfield code="a">Biblioteca Casanatense. Roma</subfield>
    <subfield code="1">RM0313</subfield>
    <subfield code="2">RML 07</subfield>
  </datafield>
</record>
</collection>
